@inproceedings{Florez2,
  author    = {Leonardo Florez-Valencia and
               Jacques Azencot and
               Fabrice Vincent and
               Maciej Orkisz and
               Isabelle E. Magnin},
  title     = {Segmentation and Quantification of Blood Vessels in 3D Images
               using a Right Generalized Cylinder State Model},
  booktitle = {ICIP},
  year      = {2006},
  pages     = {2441-2444},
  crossref  = {DBLP:conf/icip/2006},
  bibsource = {DBLP, http://dblp.uni-trier.de}
}
@proceedings{DBLP:conf/icip/2006,
  title     = {Proceedings of the International Conference on Image Processing,
               ICIP 2006, October 8-11, Atlanta, Georgia, USA},
  booktitle = {ICIP},
  publisher = {IEEE},
  year      = {2006},
  bibsource = {DBLP, http://dblp.uni-trier.de}
}

@article {SCHA-09,
	title = {Standardized evaluation methodology and reference database for evaluating coronary artery centerline extraction algorithms},
	journal = {Med Image Anal},
	volume = {13},
	number = {5},
	year = {2009},
	pages = {701{\textendash}714},
	author = {Schaap, M. and Metz, C.T. and van Walsum, T. and van der Giessen, A.G. and Weustink, A.C. and Mollet, N.R. and Bauer, C. and Bogunovi{\'c}, H. and Castro, C. and Deng, X. and Dikici, E. and O{\textquoteright}Donnell, T. and Frenay, M. and Friman, O. and Hern{\'a}ndez Hoyos, M. and Kitslaar, P.H. and Krissian, K. and K{\"u}hnel, C. and Luengo-Oroz, M.A. and Orkisz, M. and Smedby, {\"O}. and Styner, M. and Szymczak, A. and Tek, H. and Wang, C. and Warfield, S.K. and Zhang, Y. and Zambal, S. and Krestin, G.P. and Niessen, W.J.}
}

@article {FLOR-07b,
	title = {3D models for vascular lumen segmentation in MRA images and for artery-stenting simulation},
	journal = {Innov Tech Biol Med - RBM},
	volume = {28},
	number = {2},
	year = {2007},
	pages = {65-71},
	keywords = {categ_st2i, imagerie_dynamique, nouvelle_equipe_1, reseau_international},
	doi = {10.1016/j.rbmret.2007.04.001},
	author = {Fl{\'o}rez Valencia, L. and Montagnat, J. and Orkisz, M.}
}

@ARTICLE{Antiga, 
author={Antiga, L. and Steinman, D.A.}, 
journal={Medical Imaging, IEEE Transactions on}, 
title={Robust and objective decomposition and mapping of bifurcating vessels}, 
year={2004}, 
month={june }, 
volume={23}, 
number={6}, 
pages={704 -713}, 
}

@article {ORKI-08,
	title = {Models, algorithms and applications in vascular image segmentation},
	journal = {Mach Graph Vision},
	volume = {17},
	number = {1/2},
	year = {2008},
	pages = {5-33},
	author = {Orkisz, M. and Fl{\'o}rez Valencia, L. and Hern{\'a}ndez Hoyos, M.}
}

@article {ORLO-09,
	title = {Efficient computation of Hessian-based enhancement filters for tubular structures in {3D} images},
	journal = {Innov Tech Biol Med - RBM},
	volume = {30},
	year = {2009},
	pages = {128{\textendash}132},
	keywords = {categ_st2i, imagerie_dynamique, nouvelle_equipe_1, reseau_international},
	doi = {10.1016/j.irbm.2009.04.003},
	author = {Orlowski, P. and Orkisz, M.}
}

@article {CARR-07,
	title = {Recursive tracking of vascular tree axes in 3D medical images},
	journal = {Int J Comput Assisted Radiol Surg},
	volume = {1},
	number = {6},
	year = {2007},
	pages = {331-339},
	author = {Carrillo, J.F. and Hern{\'a}ndez Hoyos, M. and Davila-Serrano, E.E. and Orkisz, M.}
}

@article{ Vuk,
	author = {{Milisi\'{}c, Vuk} and {Rambaud, Am\'elie} and {Pichon Gostaf, Kirill}},
	title = {Asymptotic analysis of blood flow in stented arteries: time dependency and direct simulations},
	journal = {ESAIM: Proc.},
	year = 2010,
	volume = 30,
	pages = "70-89",
	month = "",
}

@article{Gori,
author = {Gori, F. and Boghi, A.},
title = {Three-Dimensional Numerical Simulation of Blood Flow in Two Coronary Stents},
journal = {Numerical Heat Transfer, Part A: Applications},
volume = {59},
number = {4},
pages = {231-246},
year = {2011},
}

@incollection{Gennest,
author={J. Gennest and P. Libby},
title={Lipoprotein disorders and cardiovascular disease},
editor={Bonow RO and Mann DL and Zipes DP and Libby P},
booktitle={Braunwald's Heart Disease: A Textbook of Cardiovascular Medicine},
edition={9},
address={Philadelphia, Pa},
publisher={Saunders Elsevier},
year={2011},
chapter={47},
}

@incollection{Libby,
author={P. Libby},
title={The vascular biology of atherosclerosis},
editor={Bonow RO and Mann DL and Zipes DP and Libby P},
booktitle={Braunwald's Heart Disease: A Textbook of Cardiovascular Medicine},
edition={9},
address={Philadelphia, Pa},
publisher={Saunders Elsevier},
year={2011},
chapiter={43},
}

@techreport{WHO,
title={Causes of death 2008: data sources and methods},
author={{World Health Organization}},
institution={Department of Health Statistics and Informatics, World Health Organization, Geneva},
month={April},
year={2011},
}

@article{Scherl200721,
title = "Semi-automatic level-set based segmentation and stenosis quantification of the internal carotid artery in 3D CTA data sets",
journal = "Medical Image Analysis",
volume = "11",
number = "1",
pages = "21 - 34",
year = "2007",
note = "",
issn = "1361-8415",
author = "Holger Scherl and Joachim Hornegger and Marcus Prümmer and Michael Lell",
}

@article{Gremse01092011,
author = {Gremse, Felix and Grouls, Christoph and Palmowski, Moritz and Lammers, Twan and de Vries, Anke and Grüll, Holger and Das, Marco and Mühlenbruch, Georg and Akhtar, Shamima and Schober, Andreas and Kiessling, Fabian}, 
title = {Virtual Elastic Sphere Processing Enables Reproducible Quantification of Vessel Stenosis at CT and MR Angiography}, 
volume = {260}, 
number = {3}, 
pages = {709-717}, 
year = {2011}, 
journal = {Radiology} 
}


@article{Bemmel,
author = {C. M. van Bemmel and M. A. Viergever and Wiro J. Niessen},
title = {Semiautomatic segmentation and stenosis quantification of 3{D} contrast-enhanced {MR} angiograms of the internal carotid artery},
journal = {Magnetic Resonance in Medicine},
volume = {51},
number = {4},
pages = {753-760},
year = {2004},
}

@article{Dikkers,
journal={Journal of Computer Assisted Tomography}, 
author={Dikkers, Riksta and Willems, Tineke P. and de Jonge, Gonda J. and Marquering, Henk A. and Greuter, Marcel J. W. and van Ooijen, Peter M. A. and van der Weide, Marijke C. Jansen and Oudkerk, Matthijs},
year={2009},
title={ Accuracy of Noninvasive Coronary Stenosis Quantification of Different Commercially Available Dedicated Software Packages},
volume={33},
number={4},
pages={505-512},
}

@article {BARB-11c,
  title = {B-Spline Explicit Active Surfaces: An efficient framework for real-time 3D region-based segmentation},
  journal = {IEEE Transactions on Image Processing},
  year = {2012},
  pages = {241-251},
  volume = {21},
  number = {1},
  author = {Barbosa, D. C. and Dietenbeck, T. and Schaerer, J. and D{\textquoteright}hooge, J. and Friboulet, D. and Bernard, O.}
}

@article{Zhou20121,
title = "Automated coronary artery tree extraction in coronary CT angiography using a multiscale enhancement and dynamic balloon tracking (MSCAR-DBT) method",
journal = "Computerized Medical Imaging and Graphics",
volume = "36",
number = "1",
pages = "1 - 10",
year = "2012",
note = "",
author = "Chuan Zhou and Heang-Ping Chan and Aamer Chughtai and Smita Patel and Lubomir M. Hadjiiski and Jun Wei and Ella A. Kazerooni",
}

