@inproceedings{Pinho:Airways1,
author = {R. Pinho and J. Sijbers and W. Vos},
title = {Efficient approaches to intrathoracic airway tree segmentations},
booktitle = {Proc. of the Biomedical Engineering IEEE/EMBS Benelux Symposium},
year = {2006},
volume = {2},
pages = {151-154},
address = {Brussels, Belgium},
}
%month = {December},

@inproceedings{Pinho:Airways2,
author = {R. Pinho and S. Luyckx and J. Sijbers},
title =  {Robust Region Growing Based Intrathoracic Airway Tree Segmentation},
booktitle = {2nd International Workshop on Pulmonary Image Analysis}, 
pages = {261-271}, 
address = {London, England},
year = {2009},
}
%month = {September},
%editor = {M. Brown and M. de Bruijne and B. van Ginneken and A. Kiraly and J.-M. Kuhnigk and C. Lorenz and K. Mori and J. M. Reinhardt}, 

@inproceedings{Pinho:Trachea1,
author = {R. Pinho and J. Sijbers and T. Huysmans},
title = {Segmentation of The Human Trachea Using Deformable Statistical Models of Tubular Shapes},
booktitle = {Proc. of Advanced Concepts for Intelligent Vision Systems},
series = {Lecture Notes in Computer Science},
year = {2007},
volume = {4678},
pages = {531-542},
location = {Delft, The Netherlands},
}
%month = {August},

@inproceedings{Pinho:Trachea2,
author = {R. Pinho and T. Huysmans and W. Vos and J. Sijbers},
title = {Tracheal Stent Prediction Using Statistical Deformable Models of Tubular Shapes},
booktitle = {Proc. of SPIE Medical Imaging},
year = {2008},
pages = {69144O},
address = {San Diego, CA, USA},
}
%month = {February},

@inproceedings{Pinho:Trachea3,
author = {R. Pinho and K. G. Tournoy and R. Gosselin and J. Sijbers},
title =  {Assessment of Tracheal Stenosis Using Active Shape Models of Healthy Tracheas: A Surface Registration Study},
booktitle = {2nd International Workshop on Pulmonary Image Analysis}, 
pages = {125-136}, 
address = {London, England},
year = {2009},
}
%month = {September},
%editor = {M. Brown and M. de Bruijne and B. van Ginneken and A. Kiraly and J.-M. Kuhnigk and C. Lorenz and K. Mori and J. M. Reinhardt}, 


@article{Pinho:Trachea4,
author = {R. Pinho and K. G. Tournoy and R. Gosselin and J. Sijbers},
title = {Assessment and Stenting of Tracheal Stenosis using Deformable Shape Models},
journal = {Medical Image Analysis},
volume = {(Under Review)},
number = {},
pages = {},
year = {2010},
}

@incollection{Pinho:Trachea5,
author = {R. Pinho and K. G. Tournoy and J. Sijbers},
title = {Computer-Aided Assessment and Stenting of Tracheal Stenosis},
booktitle = {Computer Aided Diagnosis of Lung Imaging},
editor = {Ayman El-Baz},
volume = {(in press)},
pages = {},
year = {2011},
publisher = {American Scientific Press},
}


@inproceedings{Pinho:Trachea6,
author = {R. Pinho and K. G. Tournoy and J. Sijbers},
title =  {A Decision Support System for the Treatment of Tracheal Stenosis},
booktitle = {Proc. of Workshop on Discrete Geometry and Mathematical Morphology (WADGMM)}, 
pages = {72-76}, 
address = {Istanbul, Turkey},
year = {2010},
}
%month = {August},

@article{Pinho:Trachea7,
author = {L. Vanacken and R. Pinho and J. Sijbers and C. Raymaekers and K. Coninx},
title =  {Force Feedback to Assist Active Contour Modelling for Tracheal Stenosis},
journal = {}, 
volume = {(In Preparation)},
number = {},
pages = {},
year = {2010},
}

@inproceedings{Pinho:Trachea8,
author = {R. Pinho and T. Huysmans and W. Vos and J. Sijbers},
title = {Tracheal Stent Prediction Using Statistical Deformable Models of Healthy Tracheas},
booktitle = {Liege Image Days 2008: Medical Imaging},
year = {2008},
}
%month = {March},

@inproceedings{Pinho:Cache1,
author = {R. Pinho and K. J. Batenburg and J. Sijbers},
title = {Seeing Through the Window: Pre-fetching Strategies for Out-of-core Image Processing Algorithms},
booktitle = {Proceedings of SPIE Medical Imaging},
volume = {6919},
pages = {69190D},
year = {2008},
publisher = {SPIE},
address = {San Diego, CA, USA},
}
%month = {February},

@article{Pinho:Cache2,
author = {R. Pinho and K. J. Batenburg and J. Sijbers},
title = {WindowCache: Pre-fetching Strategies for Out-of-core Image Processing Algorithms},
journal = {Image Processing, IEEE Transactions on},
volume = {(Under Review)},
number = {},
pages = {},
year = {2010},
}

@inproceedings{Bernat:Clavicle,
author = {A. Bernat and T. Huysmans and F. van Glabbeek and J. Sijbers and R. Pinho and J. L. Gielen},
title = {Exploring the Clavicle: Morphometric Differences Using a 3D Model},
booktitle = {AAOS Annual Meeting},
year = {2009},
address = {Las Vegas,Nevada},
}
%month = {February},

@inproceedings{Huysmans:Clavicle,
author = {T. Huysmans and A. Bernat and R. Pinho and J. Sijbers and F. van Glabbeeck and P. M. Parizel and H. Bortier},
title = {A Framework for Morphometric Analysis of Long Bones: Application to the Human Clavicle},
booktitle = {Liege Image Days 2008: Medical Imaging},
year = {2008},
}
%month = {March},
